<collection xmlns="http://www.loc.gov/MARC21/slim">
<record>
  <leader>01949ncm0a22003731i 450 </leader>
  <controlfield tag="001">IT\ICCU\CNCE\046054</controlfield>
  <controlfield tag="005">20050603000000.0</controlfield>
  <datafield tag="100" ind1=" " ind2=" ">
    <subfield code="a">19990115d1557        0itac0103    ba</subfield>
  </datafield>
  <datafield tag="101" ind1=" " ind2=" ">
    <subfield code="a">ITA</subfield>
  </datafield>
  <datafield tag="102" ind1=" " ind2=" ">
    <subfield code="a">IT</subfield>
  </datafield>
  <datafield tag="200" ind1="1" ind2=" ">
    <subfield code="a">℗Di Adriano et di Jachet i ℗salmi apertinenti alli vesperi per tutte le feste dell&apos;anno, parte a versi, et parte spezzadi accomodati da cantare a uno et a duoi chori, novamente per Antonio Gardano con ogni diligentia ristampati et corretti</subfield>
  </datafield>
  <datafield tag="210" ind1=" " ind2=" ">
    <subfield code="a">Venezia</subfield>
    <subfield code="c">Antonio Gardane</subfield>
    <subfield code="d">1557</subfield>
  </datafield>
  <datafield tag="215" ind1=" " ind2=" ">
    <subfield code="a">8 fasc.</subfield>
    <subfield code="d">4ʻ obl</subfield>
  </datafield>
  <datafield tag="300" ind1=" " ind2=" ">
    <subfield code="a">I: S, A, T, B; II: S, A, T, B</subfield>
  </datafield>
  <datafield tag="620" ind1=" " ind2=" ">
    <subfield code="a">IT</subfield>
    <subfield code="d">Venezia</subfield>
  </datafield>
  <datafield tag="700" ind1=" " ind2="1">
    <subfield code="a">Willaert,</subfield>
    <subfield code="b">Adrian</subfield>
    <subfield code="3">IT\ICCU\CNCA\011600</subfield>
  </datafield>
  <datafield tag="702" ind1=" " ind2="0">
    <subfield code="a">Jachet</subfield>
    <subfield code="c"> : di#Mantova</subfield>
    <subfield code="3">IT\ICCU\CNCA\011636</subfield>
  </datafield>
  <datafield tag="702" ind1=" " ind2="1">
    <subfield code="a">Gardane,</subfield>
    <subfield code="b">Antonio</subfield>
    <subfield code="3">IT\ICCU\CNCA\011596</subfield>
  </datafield>
  <datafield tag="712" ind1="0" ind2="0">
    <subfield code="a">Gardane, Antonio</subfield>
    <subfield code="3">IT\ICCU\CNCT\000315</subfield>
    <subfield code="4">650</subfield>
  </datafield>
  <datafield tag="790" ind1=" " ind2="1">
    <subfield code="a">Villaert,</subfield>
    <subfield code="b">Adrian</subfield>
    <subfield code="3">IT\ICCU\CNCA\025217</subfield>
    <subfield code="z">Willaert, Adrian</subfield>
  </datafield>
  <datafield tag="790" ind1=" " ind2="1">
    <subfield code="a">Villahert,</subfield>
    <subfield code="b">Adriaan</subfield>
    <subfield code="3">IT\ICCU\CNCA\025218</subfield>
    <subfield code="z">Willaert, Adrian</subfield>
  </datafield>
  <datafield tag="790" ind1=" " ind2="1">
    <subfield code="a">Vuillaert,</subfield>
    <subfield code="b">Adriaan</subfield>
    <subfield code="3">IT\ICCU\CNCA\025219</subfield>
    <subfield code="z">Willaert, Adrian</subfield>
  </datafield>
  <datafield tag="790" ind1=" " ind2="1">
    <subfield code="a">Vuigliardo,</subfield>
    <subfield code="b">Adriaan</subfield>
    <subfield code="3">IT\ICCU\CNCA\025220</subfield>
    <subfield code="z">Willaert, Adrian</subfield>
  </datafield>
  <datafield tag="790" ind1=" " ind2="1">
    <subfield code="a">Mantova,</subfield>
    <subfield code="b">Jachet : de</subfield>
    <subfield code="3">IT\ICCU\CNCA\020175</subfield>
    <subfield code="z">Jachet : di#Mantova</subfield>
  </datafield>
  <datafield tag="790" ind1=" " ind2="1">
    <subfield code="a">Jachet,</subfield>
    <subfield code="b">Jacques</subfield>
    <subfield code="3">IT\ICCU\CNCA\023065</subfield>
    <subfield code="z">Jachet : di#Mantova</subfield>
  </datafield>
  <datafield tag="790" ind1=" " ind2="0">
    <subfield code="a">Giachetto</subfield>
    <subfield code="c"> : da#Mantova</subfield>
    <subfield code="3">IT\ICCU\CNCA\023066</subfield>
    <subfield code="z">Jachet : di#Mantova</subfield>
  </datafield>
  <datafield tag="790" ind1=" " ind2="0">
    <subfield code="a">Iachetus</subfield>
    <subfield code="3">IT\ICCU\CNCA\023067</subfield>
    <subfield code="z">Jachet : di#Mantova</subfield>
  </datafield>
  <datafield tag="790" ind1=" " ind2="1">
    <subfield code="a">Gardano,</subfield>
    <subfield code="b">Antonio</subfield>
    <subfield code="3">IT\ICCU\CNCA\018990</subfield>
    <subfield code="z">Gardane, Antonio</subfield>
  </datafield>
  <datafield tag="791" ind1="0" ind2="0">
    <subfield code="a">Gardano, Antonio</subfield>
    <subfield code="3">IT\ICCU\CNCT\004837</subfield>
    <subfield code="z">Gardane, Antonio</subfield>
  </datafield>
  <datafield tag="791" ind1="0" ind2="0">
    <subfield code="a">Gardanus, Antonius</subfield>
    <subfield code="3">IT\ICCU\CNCT\004839</subfield>
    <subfield code="z">Gardane, Antonio</subfield>
  </datafield>
  <datafield tag="801" ind1=" " ind2="3">
    <subfield code="a">IT</subfield>
    <subfield code="b">ICCU</subfield>
    <subfield code="c">20201114</subfield>
  </datafield>
  <datafield tag="899" ind1=" " ind2=" ">
    <subfield code="a">Museo Internazionale e Biblioteca della Musica. Bologna</subfield>
    <subfield code="z">(II)</subfield>
    <subfield code="1">BO0310</subfield>
    <subfield code="2">UBO BM</subfield>
  </datafield>
  <datafield tag="899" ind1=" " ind2=" ">
    <subfield code="a">Biblioteca nazionale Marciana. Venezia</subfield>
    <subfield code="z">(II:B)</subfield>
    <subfield code="1">VE0049</subfield>
    <subfield code="2">VEA BM</subfield>
  </datafield>
  <datafield tag="899" ind1=" " ind2=" ">
    <subfield code="a">Biblioteca dell&apos;Accademia filarmonica di Verona. Verona</subfield>
    <subfield code="z">(I:T,B;II)</subfield>
    <subfield code="1">VR0070</subfield>
    <subfield code="2">ZVR 03</subfield>
  </datafield>
</record>
</collection>
